<?xml version="1.0" encoding="UTF-8"?><collection xmlns="http://www.loc.gov/MARC21/slim"><record><leader>00356nam--2200121-i-4500</leader><controlfield tag="001">000004965</controlfield><controlfield tag="002">20161230</controlfield><controlfield tag="005">20161230201026</controlfield><controlfield tag="008">060222s1000------------r-----000-0-eng-d</controlfield><datafield ind1=" " ind2=" " tag="245"><subfield code="a">Bibliography of the stable isotopes of oxygen (0 17 and 0 18)</subfield></datafield><datafield ind1=" " ind2=" " tag="260"><subfield code="a">London,Pergamon Press,1959. Viii + 224 P</subfield></datafield><datafield ind1=" " ind2=" " tag="700"><subfield code="a">Samuel, David And Steckel, Fritz</subfield></datafield><datafield ind1=" " ind2=" " tag="852"><subfield code="a">D.1025</subfield></datafield></record></collection>